@book{altman2021,
  author={Sara Altman and Bill Behrman and Hadley Wickham},
  title={Functional Programming},
  year={2021},
  publisher={online},
  url={https://dcl-prog.stanford.edu/}
}

@book{bass2021,
  author={Len Bass and Paul Clements and Rick Kazman},
  title={Software Architecture in Practice},
  isbn={978-0136886099},
  year={2021},
  publisher={Addison-Wesley Professional; 4th Edition}
}

@article{fowler2003,
  author = {Martin Fowler},
  title = {Who Needs an Architect?},
  journal = {IEEE Software},
  volume = {20},
  number = {5},
  pages = {2-4},
  year  = {2003},
  publisher = {IEEE Computer Society},
  doi = {10.1109/MS.2003.1231144},
  url = {https://martinfowler.com/ieeeSoftware/whoNeedsArchitect.pdf}
}

@misc{francis2022,
  title={Software Architect — Journey},
  url={https://gibinfrancis.medium.com/software-architect-journey-ca9398546608},
  publisher={Medium},
  author={Gibin Francis},
  year={2022},
  month={Jul}
}


@book{freeman2004,
  author={Eric Freeman and Elisabeth Robson and Bert Bates and Kathy Sierra},
  title={Head First Design Patterns, 1st edition},
  year={2004},
  publisher={O'Really Media Inc},
  isbn={978-059600712}
}

@book{gamma1994,
  author={Erich Gamma and Richard Helm and Ralph Johnson and John Vlissides},
  title={Design Patterns: Elements of Reusable Object-Oriented Software},
  year={1994},
  publisher={Addison-Wesley},
  isbn={978-0-201-63361-2}
}


@inproceedings{gonzalez2021jenui,
  title = {Aprendizaje basado en metodologías ágiles centradas en diseño evolutivo dirigido por pruebas de aceptación},
  author = {Alberto González-Pérez and Ramón A. Mollineda Cárdenas and Llorens Piñana, David},
  url = {https://aenui.org/actas/pdf/JENUI_2021_012.pdf},
  issn = {2531-0607},
  year = {2021},
  booktitle = {Actas de las XXVII Jornadas sobre la Enseñanza universitaria de la Informática (JENUI)},
  volume = {6},
  pages = {99-106},
  publisher = {AENUI}
}


@misc{gonzalez2021,
  title={{nativescript-task-dispatcher}: A Reactive Android-Based Task Scheduler and Dispatcher},
  DOI={10.5281/zenodo.4530103},
  note={Data and documents are licensed under CC Attribution 4.0 International License. Code is licensed under the Apache License 2.0},
  publisher={Zenodo},
  author={Alberto Gonz{\'a}lez-P{\'e}rez and Miguel Matey-Sanz},
  year={2021},
  month={Feb}
}


@inproceedings{gonzalez2022jenui,
  title = {Coordinación de asignaturas dirigida por un proyecto de desarrollo ágil con evaluación unificada},
  author = {Alberto González-Pérez and Carlos Granell-Canut and Ramón A. Mollineda Cárdenas},
  url = {https://aenui.org/actas/pdf/JENUI_2022_017.pdf},
  isbn = {2531-0607},
  year = {2022},
  date = {2022-07-15},
  booktitle = {Actas de las Jornadas sobre Enseñanza Universitaria de la Informática (JENUI)},
  volume = {7},
  pages = {127-134},
  publisher = {AENUI}
}

@article{gonzalez2022,
  title = {Using mobile devices as scientific measurement instruments: Reliable android task scheduling},
  journal = {Pervasive and Mobile Computing},
  volume = {81},
  pages = {101550},
  year = {2022},
  issn = {1574-1192},
  doi = {https://doi.org/10.1016/j.pmcj.2022.101550},
  author = {Alberto Gonz{\'a}lez-P{\'e}rez and Miguel Matey-Sanz and Carlos Granell and Sven Casteleyn},
  }

@book{lang2016,
  title={Small Teaching},
  author={James M. Lang},
  year={2016},
  publisher={Jossey-Bass},
  url={https://www.jamesmlang.com/books}
}



@misc{oloruntoba2020,
  title={SOLID: The First 5 Principles of Object Oriented Design},
  url={https://www.digitalocean.com/community/conceptual-articles/s-o-l-i-d-the-first-five-principles-of-object-oriented-design},
  author={Samuel Oloruntoba},
  year={2021},
  month={Nov}
}



@inproceedings{matey2024jenui,
  title = {Estrategias de control y seguimiento activo de proyectos de desarrollo de software},
  author = {Miguel Matey-Sanz and Carlos Granell-Canut and Ramón A. Mollineda Cárdenas},
  url = {https://aenui.org/actas/pdf/JENUI_2024_021.pdf},
  issn = {2531-0607},
  year = {2024},
  date = {2024-07-01},
  booktitle = {Actas de las Jornadas sobre Enseñanza Universitaria de la Informática (JENUI)},
  volume = {9},
  pages = { 165-172},
  publisher = {AENUI}
}


@inproceedings{matey2025jenui,
  title = {La IA generativa como acompañante en el ciclo de vida del software},
  author = {Miguel Matey-Sanz and Carlos Granell-Canut and Ramón A. Mollineda Cárdenas},
  url = {https://aenui.org/actas/fichas/JENUI_2025_005.html},
  issn = {2531-0607},
  year = {2025},
  date = {2025-07-01},
  booktitle = {Actas de las Jornadas sobre Enseñanza Universitaria de la Informática (JENUI)},
  volume = {10},
  pages = {45-53},
  publisher = {AENUI}
}

@book{martin2002,
  title={Agile Software Development: Principles, Patterns, and Practices},
  author={Robert Martin},
  year={2002},
  isbn={978-0135974445},
  publisher={Pearson Education, 1st edition},
  url={http://blog.cleancoder.com/uncle-bob/2020/10/18/Solid-Relevance.html}
}


@misc{martin2014,
  title={SOLID Principles of Objetc Oriented & AGILE Design (video)},
  url={https://www.youtube.com/watch?v=TMuno5RZNeE},
  author={Robert Martin},
  year={2014},
  month={Sep}
}


@book{martin2017,
  title={Clean Architecture: A Craftsman's Guide to Software Structure and Design},
  author={Robert Martin},
  year={2018},
  isbn={978-0134494166},
  publisher={Pearson Education, 1st edition},
  url={https://www.pearson.com/us/higher-education/program/Martin-Clean-Architecture-A-Craftsman-s-Guide-to-Software-Structure-and-Design/PGM333762.html}
}

@misc{milington2022,
  title={A Solid Guide to SOLID: Principles},
  url={https://www.baeldung.com/solid-principles},
  author={Sam Milignton},
  year={2022},
  month={Sep}
}

@misc{nogueira2022,
  title={4+2 Layered Architecture: Separation of Concerns Applied to Software Architecture},
  url={https://medium.com/@nogueira.cc/4-2-layered-architecture-313329082989},
  publisher={Medium},
  author={Ricardo Nogueira},
  year={2022},
  month={Mar}
}


@book{normand2021,
  author={Eric Normand},
  title={Grokking Simplicity: Taming complex software with functional thinking},
  year={2021},
  publisher={Manning},
  isbn={978-1617296208}
}

@book{richards2020,
  author={Mark Richards and Neal Ford},
  title={Fundamentals of Software Architecture, 1st edition},
  year={2020},
  publisher={O'Really Media Inc},
  isbn={978-1-492-04345-4}
}

@book{shvets2020,
  author={Alexander Shvets},
  title={Sumérgete en los Patrones de Diseño},
  year={2019},
  publisher={Refactoring.Guru},
  url={https://refactoring.guru/design-patterns/book}
}


@misc{soysal2022,
  title={SOLID Principles With (almost) Real-Life Examples in Java},
  url={https://betterprogramming.pub/solid-principles-with-almost-real-life-examples-in-java-b292a4e2c18b},
  author={Berke Soysal},
  year={2022},
  month={Jan}
}

@phdthesis{rodriguez2021,
  author={Rodr{\'i}guez Pupo, Luis Enrique},
  title={An Analytics Platform for Integrating and Computing Spatio-Temporal Metrics in Location-aware Games},
  school={ Universitat Jaume I. Escola de Doctorat},
  year={2021},
  doi={10.6035/14101.2021.357562},
  url={https://www.tdx.cat/handle/10803/671588}

}

@misc{tai2022,
  title={What it takes to become a software architect},
  url={https://ayltai.medium.com/what-it-takes-to-become-a-software-architect-fa7788962c8c},
  publisher={Medium},
  author={Alan Tai},
  year={2022},
  month={Jul}
}

@book{wickham2019,
  title={Advanced R},
  author={Wickham, Hadley},
  year={2019},
  publisher={CRC Press; 2nd Edition},
  isbn={978-0815384571},
  url={https://adv-r.hadley.nz/index.html}
}

@book{wilson2019,
  author={Greg Wilson},
  title={Teaching Tech Together: How to make lessons that work and build a teaching community around it},
  isbn={978-0-367-35328-5},
  url={https://teachtogether.tech/},
  year={2019},
  publisher={Taylor & Francis}
}


@book{xie2018,
  title={R markdown: The definitive guide},
  author={Xie, Y and Allaire, JJ and Grolemund, G},
  year={2018},
  publisher={CRC Press},
  url={https://bookdown.org/yihui/rmarkdown/}
}


@book{xie2019,
  title={bookdown: Authoring Books and Technical Documents with {R} Markdown},
  author={Xie, Y},
  year={2019},
  publisher={CRC Press},
  url={https://bookdown.org/yihui/bookdown/}
}




